<?xml version="1.0" encoding="UTF-8"?><collection xmlns="http://www.loc.gov/MARC21/slim"><record><leader>00388nam--2200121-i-4500</leader><controlfield tag="001">000001964</controlfield><controlfield tag="002">20161230</controlfield><controlfield tag="005">20161230201024</controlfield><controlfield tag="008">060222s1000------------r-----000-0-eng-d</controlfield><datafield ind1=" " ind2=" " tag="100"><subfield code="a">Glazov,N.V,. Glazov, A.N</subfield></datafield><datafield ind1=" " ind2=" " tag="245"><subfield code="a">New instriments and methods of engineering geology.translated fron russian, by j.paul fitzsimmons</subfield></datafield><datafield ind1=" " ind2=" " tag="260"><subfield code="a">New York, Consultants Bureau Inc,. 1959. 91 P</subfield></datafield><datafield ind1=" " ind2=" " tag="852"><subfield code="a">15826</subfield></datafield></record></collection>